%% This BibTeX bibliography file was created using BibDesk.
%% http://bibdesk.sourceforge.net/

%% Created for george at 2016-03-24 23:36:02 -0700 


%% Saved with string encoding Unicode (UTF-8) 



@article{2015MNRAS.454.3002Z,
	Adsnote = {Provided by the SAO/NASA Astrophysics Data System},
	Adsurl = {http://adsabs.harvard.edu/abs/2015MNRAS.454.3002Z},
	Archiveprefix = {arXiv},
	Author = {{Zhou}, G. and {Bayliss}, D.~D.~R. and {Kedziora-Chudczer}, L. and {Tinney}, C.~G. and {Bailey}, J. and {Salter}, G. and {Rodriguez}, J.},
	Date-Added = {2016-03-25 06:36:01 +0000},
	Date-Modified = {2016-03-25 06:36:01 +0000},
	Doi = {10.1093/mnras/stv2138},
	Eprint = {1509.04147},
	Journal = {\mnras},
	Keywords = {occultations - planets and satellites: atmospheres},
	Month = dec,
	Pages = {3002-3019},
	Primaryclass = {astro-ph.EP},
	Title = {{Secondary eclipse observations for seven hot-Jupiters from the Anglo-Australian Telescope}},
	Volume = 454,
	Year = 2015,
	Bdsk-Url-1 = {http://dx.doi.org/10.1093/mnras/stv2138}}

@article{2014MNRAS.445.2746Z,
	Adsnote = {Provided by the SAO/NASA Astrophysics Data System},
	Adsurl = {http://adsabs.harvard.edu/abs/2014MNRAS.445.2746Z},
	Archiveprefix = {arXiv},
	Author = {{Zhou}, G. and {Bayliss}, D.~D.~R. and {Kedziora-Chudczer}, L. and {Salter}, G. and {Tinney}, C.~G. and {Bailey}, J.},
	Date-Added = {2016-03-25 06:35:43 +0000},
	Date-Modified = {2016-03-25 06:35:43 +0000},
	Doi = {10.1093/mnras/stu1893},
	Eprint = {1409.2775},
	Journal = {\mnras},
	Keywords = {planets and satellites: atmospheres, planets and satellites: individual: WASP-19b, planets and satellites: individual: WASP-43b},
	Month = dec,
	Pages = {2746-2757},
	Primaryclass = {astro-ph.EP},
	Title = {{K$_{s}$-band secondary eclipses of WASP-19b and WASP-43b with the Anglo-Australian Telescope}},
	Volume = 445,
	Year = 2014,
	Bdsk-Url-1 = {http://dx.doi.org/10.1093/mnras/stu1893}}

@article{2013PASP..125..306F,
	Adsnote = {Provided by the SAO/NASA Astrophysics Data System},
	Adsurl = {http://adsabs.harvard.edu/abs/2013PASP..125..306F},
	Archiveprefix = {arXiv},
	Author = {{Foreman-Mackey}, D. and {Hogg}, D.~W. and {Lang}, D. and {Goodman}, J.},
	Date-Added = {2016-03-25 05:55:41 +0000},
	Date-Modified = {2016-03-25 05:55:41 +0000},
	Doi = {10.1086/670067},
	Eprint = {1202.3665},
	Journal = {\pasp},
	Month = mar,
	Pages = {306-312},
	Primaryclass = {astro-ph.IM},
	Title = {{emcee: The MCMC Hammer}},
	Volume = 125,
	Year = 2013,
	Bdsk-Url-1 = {http://dx.doi.org/10.1086/670067}}

@article{2015ApJ...814L..31K,
	Adsnote = {Provided by the SAO/NASA Astrophysics Data System},
	Adsurl = {http://adsabs.harvard.edu/abs/2015ApJ...814L..31K},
	Archiveprefix = {arXiv},
	Author = {{Kilic}, M. and {Gianninas}, A. and {Bell}, K.~J. and {Curd}, B. and {Brown}, W.~R. and {Hermes}, J.~J. and {Dufour}, P. and {Wisniewski}, J.~P. and {Winget}, D.~E. and {Winget}, K.~I.},
	Date-Added = {2016-03-25 03:35:19 +0000},
	Date-Modified = {2016-03-25 03:35:19 +0000},
	Doi = {10.1088/2041-8205/814/2/L31},
	Eid = {L31},
	Eprint = {1511.07320},
	Journal = {\apjl},
	Keywords = {starspots, white dwarfs},
	Month = dec,
	Pages = {L31},
	Primaryclass = {astro-ph.SR},
	Title = {{A Dark Spot on a Massive White Dwarf}},
	Volume = 814,
	Year = 2015,
	Bdsk-Url-1 = {http://dx.doi.org/10.1088/2041-8205/814/2/L31}}

@article{2016ApJ...816L..22X,
	Adsnote = {Provided by the SAO/NASA Astrophysics Data System},
	Adsurl = {http://adsabs.harvard.edu/abs/2016ApJ...816L..22X},
	Archiveprefix = {arXiv},
	Author = {{Xu}, S. and {Jura}, M. and {Dufour}, P. and {Zuckerman}, B.},
	Date-Added = {2016-03-25 03:35:07 +0000},
	Date-Modified = {2016-03-25 03:35:07 +0000},
	Doi = {10.3847/2041-8205/816/2/L22},
	Eid = {L22},
	Eprint = {1511.05973},
	Journal = {\apjl},
	Keywords = {circumstellar matter, minor planets, asteroids: general, stars: abundances, stars: individual: WD 1145+017, white dwarfs},
	Month = jan,
	Pages = {L22},
	Primaryclass = {astro-ph.EP},
	Title = {{Evidence for Gas from a Disintegrating Extrasolar Asteroid}},
	Volume = 816,
	Year = 2016,
	Bdsk-Url-1 = {http://dx.doi.org/10.3847/2041-8205/816/2/L22}}

@article{2016ApJ...818L...7G,
	Adsnote = {Provided by the SAO/NASA Astrophysics Data System},
	Adsurl = {http://adsabs.harvard.edu/abs/2016ApJ...818L...7G},
	Archiveprefix = {arXiv},
	Author = {{G{\"a}nsicke}, B.~T. and {Aungwerojwit}, A. and {Marsh}, T.~R. and {Dhillon}, V.~S. and {Sahman}, D.~I. and {Veras}, D. and {Farihi}, J. and {Chote}, P. and {Ashley}, R. and {Arjyotha}, S. and {Rattanasoon}, S. and {Littlefair}, S.~P. and {Pollacco}, D. and {Burleigh}, M.~R.},
	Date-Added = {2016-03-25 03:34:57 +0000},
	Date-Modified = {2016-03-25 03:34:57 +0000},
	Doi = {10.3847/2041-8205/818/1/L7},
	Eid = {L7},
	Eprint = {1512.09150},
	Journal = {\apjl},
	Keywords = {minor planets, asteroids: general, planetary systems, stars: individual: WD 1145+017},
	Month = feb,
	Pages = {L7},
	Primaryclass = {astro-ph.EP},
	Title = {{High-speed Photometry of the Disintegrating Planetesimals at WD1145+017: Evidence for Rapid Dynamical Evolution}},
	Volume = 818,
	Year = 2016,
	Bdsk-Url-1 = {http://dx.doi.org/10.3847/2041-8205/818/1/L7}}

@article{2016MNRAS.tmp..250V,
	Adsnote = {Provided by the SAO/NASA Astrophysics Data System},
	Adsurl = {http://adsabs.harvard.edu/abs/2016MNRAS.tmp..250V},
	Archiveprefix = {arXiv},
	Author = {{Veras}, D. and {Mustill}, A.~J. and {G{\"a}nsicke}, B.~T. and {Redfield}, S. and {Georgakarakos}, N. and {Bowler}, A.~B. and {Lloyd}, M.~J.~S.},
	Date-Added = {2016-03-25 03:34:45 +0000},
	Date-Modified = {2016-03-25 03:34:45 +0000},
	Doi = {10.1093/mnras/stw476},
	Eprint = {1603.00025},
	Journal = {\mnras},
	Keywords = {minor planets, asteroids: general, stars: white dwarfs, methods:numerical, celestial mechanics, planet and satellites: dynamical evolution and stability, protoplanetary discs},
	Month = mar,
	Primaryclass = {astro-ph.EP},
	Title = {{Full-lifetime simulations of multiple unequal-mass planets across all phases of stellar evolution}},
	Year = 2016,
	Bdsk-Url-1 = {http://dx.doi.org/10.1093/mnras/stw476}}

@article{2015arXiv151006434C,
	Adsnote = {Provided by the SAO/NASA Astrophysics Data System},
	Adsurl = {http://adsabs.harvard.edu/abs/2015arXiv151006434C},
	Archiveprefix = {arXiv},
	Author = {{Croll}, B. and {Dalba}, P.~A. and {Vanderburg}, A. and {Eastman}, J. and {Rappaport}, S. and {DeVore}, J. and {Bieryla}, A. and {Muirhead}, P.~S. and {Han}, E. and {Latham}, D.~W. and {Beatty}, T.~G. and {Wittenmyer}, R.~A. and {Wright}, J.~T. and {Johnson}, J.~A. and {McCrady}, N.},
	Date-Added = {2016-03-25 03:33:52 +0000},
	Date-Modified = {2016-03-25 03:33:52 +0000},
	Eprint = {1510.06434},
	Journal = {ArXiv e-prints},
	Keywords = {Astrophysics - Earth and Planetary Astrophysics},
	Month = oct,
	Primaryclass = {astro-ph.EP},
	Title = {{Multiwavelength Transit Observations of the Candidate Disintegrating Planetesimals Orbiting WD 1145+017}},
	Year = 2015}

@article{2015Natur.526..546V,
	Adsnote = {Provided by the SAO/NASA Astrophysics Data System},
	Adsurl = {http://adsabs.harvard.edu/abs/2015Natur.526..546V},
	Archiveprefix = {arXiv},
	Author = {{Vanderburg}, A. and {Johnson}, J.~A. and {Rappaport}, S. and {Bieryla}, A. and {Irwin}, J. and {Lewis}, J.~A. and {Kipping}, D. and {Brown}, W.~R. and {Dufour}, P. and {Ciardi}, D.~R. and {Angus}, R. and {Schaefer}, L. and {Latham}, D.~W. and {Charbonneau}, D. and {Beichman}, C. and {Eastman}, J. and {McCrady}, N. and {Wittenmyer}, R.~A. and {Wright}, J.~T.},
	Date-Added = {2016-03-25 03:33:02 +0000},
	Date-Modified = {2016-03-25 03:33:02 +0000},
	Doi = {10.1038/nature15527},
	Eprint = {1510.06387},
	Journal = {\nat},
	Month = oct,
	Pages = {546-549},
	Primaryclass = {astro-ph.EP},
	Title = {{A disintegrating minor planet transiting a white dwarf}},
	Volume = 526,
	Year = 2015,
	Bdsk-Url-1 = {http://dx.doi.org/10.1038/nature15527}}

@article{2012ApJ...752....1R,
	Adsnote = {Provided by the SAO/NASA Astrophysics Data System},
	Adsurl = {http://adsabs.harvard.edu/abs/2012ApJ...752....1R},
	Archiveprefix = {arXiv},
	Author = {{Rappaport}, S. and {Levine}, A. and {Chiang}, E. and {El Mellah}, I. and {Jenkins}, J. and {Kalomeni}, B. and {Kite}, E.~S. and {Kotson}, M. and {Nelson}, L. and {Rousseau-Nepton}, L. and {Tran}, K.},
	Date-Added = {2016-03-25 03:32:15 +0000},
	Date-Modified = {2016-03-25 03:32:15 +0000},
	Doi = {10.1088/0004-637X/752/1/1},
	Eid = {1},
	Eprint = {1201.2662},
	Journal = {\apj},
	Keywords = {eclipses, occultations, planetary systems, planets and satellites: general},
	Month = jun,
	Pages = {1},
	Primaryclass = {astro-ph.EP},
	Title = {{Possible Disintegrating Short-period Super-Mercury Orbiting KIC 12557548}},
	Volume = 752,
	Year = 2012,
	Bdsk-Url-1 = {http://dx.doi.org/10.1088/0004-637X/752/1/1}}

@article{2014ApJ...784...40R,
	Adsnote = {Provided by the SAO/NASA Astrophysics Data System},
	Adsurl = {http://adsabs.harvard.edu/abs/2014ApJ...784...40R},
	Archiveprefix = {arXiv},
	Author = {{Rappaport}, S. and {Barclay}, T. and {DeVore}, J. and {Rowe}, J. and {Sanchis-Ojeda}, R. and {Still}, M.},
	Date-Added = {2016-03-25 03:32:01 +0000},
	Date-Modified = {2016-03-25 03:32:01 +0000},
	Doi = {10.1088/0004-637X/784/1/40},
	Eid = {40},
	Eprint = {1312.2054},
	Journal = {\apj},
	Keywords = {planetary systems, planets and satellites: detection, planets and satellites: individual: KOI-2700b},
	Month = mar,
	Pages = {40},
	Primaryclass = {astro-ph.EP},
	Title = {{KOI-2700b{\mdash}A Planet Candidate with Dusty Effluents on a 22 hr Orbit}},
	Volume = 784,
	Year = 2014,
	Bdsk-Url-1 = {http://dx.doi.org/10.1088/0004-637X/784/1/40}}

@article{2016MNRAS.tmp..406R,
	Adsnote = {Provided by the SAO/NASA Astrophysics Data System},
	Adsurl = {http://adsabs.harvard.edu/abs/2016MNRAS.tmp..406R},
	Archiveprefix = {arXiv},
	Author = {{Rappaport}, S. and {Gary}, B.~L. and {Kaye}, T. and {Vanderburg}, A. and {Croll}, B. and {Benni}, P. and {Foote}, J.},
	Date-Added = {2016-03-25 03:31:50 +0000},
	Date-Modified = {2016-03-25 03:31:50 +0000},
	Doi = {10.1093/mnras/stw612},
	Eprint = {1602.00740},
	Journal = {\mnras},
	Keywords = {planetary systems, planets and satellites: general, minor planets, asteroids: general, comets: general, (stars:) white dwarfs},
	Month = mar,
	Primaryclass = {astro-ph.EP},
	Title = {{Drifting Asteroid Fragments Around WD 1145+017}},
	Year = 2016,
	Bdsk-Url-1 = {http://dx.doi.org/10.1093/mnras/stw612}}
